@ARTICLE{refNavn,
    AUTHOR = {Forfatter},
    TITLE = {Titel},
    YEAR = {Ã…r}
}

@ARTICLE{rrt_connect,
    author={J. J. {Kuffner} and S. M. {LaValle}},
    booktitle={Proceedings 2000 ICRA. Millennium Conference. IEEE International Conference on Robotics and Automation. Symposia Proceedings (Cat. No.00CH37065)},
    title={RRT-connect: An efficient approach to single-query path planning},
    year={2000},
    volume={2},
    pages={995-1001 vol.2},
    keywords={path planning;search problems;computational geometry;robots;RRT-connect;single-query path planning;randomized algorithm;high-dimensional configuration spaces;rapidly-exploring random trees;simple greedy heuristic;human arm;7-DOF kinematic chain;automatic graphic animation;collision-free grasping;collision-free manipulation;collision-free motions;rigid objects;6-DOF PUMA arm;3D workspace;Path planning;Computer science;Space exploration;Algorithm design and analysis;Humans;Animation;Robotic assembly;Buildings;Tree graphs;Kinematics},
    doi={10.1109/ROBOT.2000.844730},
    month={April}
}

@InProceedings{point_cloud_library,
    author    = {Radu Bogdan Rusu and Steve Cousins},
    title     = {{3D is here: Point Cloud Library (PCL)}},
    booktitle = {{IEEE International Conference on Robotics and Automation (ICRA)}},
    month     = {May 9-13},
    year      = {2011},
    address   = {Shanghai, China}
}

@inproceedings{alignment,
    author = {Paul J. Besl and Neil D. McKay},
    title = {{Method for registration of 3-D shapes}},
    volume = {1611},
    booktitle = {Sensor Fusion IV: Control Paradigms and Data Structures},
    editor = {Paul S. Schenker},
    organization = {International Society for Optics and Photonics},
    publisher = {SPIE},
    pages = {586 -- 606},
    year = {1992},
    doi = {10.1117/12.57955},
    URL = {https://doi.org/10.1117/12.57955}
}

@article{RANSAC,
    author = {Fischler, Martin A. and Bolles, Robert C.},
    title = {Random Sample Consensus: A Paradigm for Model Fitting with Applications to Image Analysis and Automated Cartography},
    journal = {Commun. ACM},
    issue_date = {June 1981},
    volume = {24},
    number = {6},
    month = jun,
    year = {1981},
    issn = {0001-0782},
    pages = {381--395},
    numpages = {15},
    url = {http://doi.acm.org/10.1145/358669.358692},
    doi = {10.1145/358669.358692},
    acmid = {358692},
    publisher = {ACM},
    address = {New York, NY, USA},
    keywords = {automated cartography, camera calibration, image matching, location determination, model fitting, scene analysis}
}

@article{spin_images,
    title={Using spin images for efficient object recognition in cluttered 3D scenes},
    author={Johnson, Andrew E. and Hebert, Martial},
    journal={IEEE Transactions on pattern analysis and machine intelligence},
    volume={21},
    number={5},
    pages={433--449},
    year={1999},
    publisher={IEEE}
}

@inproceedings{fpfh,
  title={Fast point feature histograms (FPFH) for 3D registration},
  author={Rusu, Radu Bogdan and Blodow, Nico and Beetz, Michael},
  booktitle={2009 IEEE International Conference on Robotics and Automation},
  pages={3212--3217},
  year={2009},
  organization={IEEE}
}

@inproceedings{unique_signatures_of_histograms_for_local_surface_description,
  title={Unique signatures of histograms for local surface description},
  author={Tombari, Federico and Salti, Samuele and Di Stefano, Luigi},
  booktitle={European conference on computer vision},
  pages={356--369},
  year={2010},
  organization={Springer}
}

@article{kabsch_algorithm,
  title={A solution for the best rotation to relate two sets of vectors},
  author={Kabsch, Wolfgang},
  journal={Acta Crystallographica Section A: Crystal Physics, Diffraction, Theoretical and General Crystallography},
  volume={32},
  number={5},
  pages={922--923},
  year={1976},
  publisher={International Union of Crystallography}
}

@inproceedings{robwork,
  title={Robwork: A flexible toolbox for robotics research and education},
  author={Ellekilde, Lars-Peter and Jorgensen, Jimmy A},
  booktitle={ISR 2010 (41st International Symposium on Robotics) and ROBOTIK 2010 (6th German Conference on Robotics)},
  pages={1--7},
  year={2010},
  organization={VDE}
}

@inproceedings{buch2013pose,
  title={Pose estimation using local structure-specific shape and appearance context},
  author={Buch, Anders Glent and Kraft, Dirk and Kamarainen, Joni-Kristian and Petersen, Henrik Gordon and Kr{\"u}ger, Norbert},
  booktitle={2013 IEEE International Conference on Robotics and Automation},
  pages={2080--2087},
  year={2013},
  organization={IEEE}
}

@unpublished{lec_notes,
    title={Robotics and Computer Vision(RoVi) - Lecture Notes},
    note={Lecture notes for the class Robotics and Computer Vision at University of Southern Denmark},
    author={Henrik Gordon Petersen, Aljaz Kramberger},
    year={2019}
}

@article{compare_rotations,
  title={Metrics for 3D rotations: Comparison and analysis},
  author={Huynh, Du Q},
  journal={Journal of Mathematical Imaging and Vision},
  volume={35},
  number={2},
  pages={155--164},
  year={2009},
  publisher={Springer}
}

@online{combi_vid,
  author = {Slettemark-Nielsen, Mathias Emil},
  title = {Illustration of the Combination of Pose Estimation with Pick and Place Execution.},
  year = 2019,
  url = {https://raw.githubusercontent.com/Masle16/rovi_project/master/combination/combination_video.webm},
  urldate = {2019-12-12}
}

@online{rubber_duck,
    author = {Willie},
    title = {Rubber Duck},
    year = {2013},
    url = {https://www.thingiverse.com/thing:139894},
    urldate = {2019-12-12}
}

@online{code,
    author = {Nielsen, Mathias Emil and Larsen, Bjarke Engsig},
    title = {rovi project},
    year = {2019},
    url = {https://github.com/Masle16/rovi_project},
    urldate = {2019-12-12}
}

@article{opencv,
    author = {Bradski, G.},
    citeulike-article-id = {2236121},
    journal = {Dr. Dobb's Journal of Software Tools},
    keywords = {bibtex-import},
    posted-at = {2008-01-15 19:21:54},
    priority = {4},
    title = {{The OpenCV Library}},
    year = {2000}
}